@electronic{imagemagick,
  added-at = {2013-05-07T17:35:09.000+0200},
  author = {ImageMagick Stusio LLC},
  biburl = {https://www.bibsonomy.org/bibtex/26e440494cbdb849bccedaefd5de0853f/mhwombat},
  interhash = {7861038c0a30cd85bedab4e96e5364e8},
  intrahash = {6e440494cbdb849bccedaefd5de0853f},
  keywords = {imagemagick},
  note = {Accessed 2013-05-07},
  timestamp = {2016-07-12T19:25:30.000+0200},
  title = {ImageMagick, http://www.imagemagick.org/},
  url = {http://www.imagemagick.org/},
  year = 2013
}

@Manual{blender1,
   title = {Blender - a 3D modelling and rendering package},
   author = {{Blender Online Community}},
   organization = {Blender Foundation},
   address = {Blender Institute, Amsterdam},
   year = {%s},
   url = {http://www.blender.org},
 }

@article{chang2013mitotic,
  title={Mitotic trigger waves and the spatial coordination of the {X}enopus cell cycle},
  author={Chang, Jeremy B and Ferrell Jr, James E},
  journal={Nature},
  volume={500},
  number={7464},
  pages={603},
  year={2013},
  publisher={Nature Publishing Group}
}

@article{turing1952chemical,
  title={The chemical basis of morphogenesis},
  author={Turing, Alan Mathison},
  journal={Philosophical Transactions of the Royal Society of London. Series B, Biological Sciences},
  volume={237},
  number={641},
  pages={37--72},
  year={1952},
  publisher={The Royal Society}
}

@article{nagy1991control,
  title={Control of dynamic pattern formation in the {B}elousov-{Z}habotinsky reaction},
  author={Nagy-Ungvárai, Zsuzsanna and Hess, Benno},
  journal={Physica D: Nonlinear Phenomena},
  volume={49},
  number={1-2},
  pages={33--39},
  year={1991},
  publisher={Elsevier}
}


@article{field1972explanation,
  title={Explanation of spatial band propagation in the {B}elousov reaction},
  author={Field, Richard J and Noyes, Richard M},
  journal={Nature},
  volume={237},
  number={5355},
  pages={390},
  year={1972},
  publisher={Nature Publishing Group}
}

@article{field1974oscillations,
  title={Oscillations in chemical systems. {IV}. {L}imit cycle behavior in a model of a real chemical reaction},
  author={Field, Richard J and Noyes, Richard M},
  journal={The Journal of Chemical Physics},
  volume={60},
  number={5},
  pages={1877--1884},
  year={1974},
  publisher={AIP}
}


@article{noyes1972oscillations,
  title={Oscillations in chemical systems. {I}. {D}etailed mechanism in a system showing temporal oscillations},
  author={Noyes, Richard M and Field, Richard and Kőrös, Endre},
  journal={Journal of the American Chemical Society},
  volume={94},
  number={4},
  pages={1394--1395},
  year={1972},
  publisher={ACS Publications}
}


@article{zhabotinsky1964periodical,
  title={Periodical oxidation of malonic acid in solution (a study of the {B}elousov reaction kinetics)},
  author={Zhabotinsky, Anatol M},
  journal={Biofizika},
  volume={9},
  pages={306--311},
  year={1964}
}

@article{belousov1959collection,
  title={Collection of short papers on radiation medicine},
  author={Belousov, BP},
  journal={Medgiz, Moskow},
  pages={145--152},
  year={1959}
}


@article{bray1921periodic,
  title={A PERIODIC REACTION IN HOMOGENEOUS SOLUTION AND ITS RELATION TO CATALYSIS.},
  author={Bray, William C},
  journal={Journal of the American Chemical Society},
  volume={43},
  number={6},
  pages={1262--1267},
  year={1921},
  publisher={ACS Publications}
}


@article{frank1943nikov,
  title={{T}hermal-kinetic oscillations},
  author={Frank-Kamenetskii, DA and Sal, IE},
  journal={Zh. Fiz. Khim},
  volume={17},
  pages={79--85},
  year={1943}
}


@article{liesegang1896ueber,
  title={Ueber einige eigenschaften von gallerten},
  author={Liesegang, Raphael},
  journal={Naturwissenschaftliche Wochenschrift},
  volume={10},
  number={30},
  pages={353--362},
  year={1896}
}

@article{ostwald1899jacobus,
  title={Jacobus {H}enricus van't {H}off},
  author={Ostwald, Wilhelm},
  journal={Zeitschrift f{\"u}r Physikalische Chemie},
  volume={31},
  number={1},
  pages={IX--XXII},
  year={1899},
  publisher={De Gruyter Oldenbourg}
}


@article{zaikin1970concentration,
  title={Concentration wave propagation in two-dimensional liquid-phase self-oscillating system},
  author={Zaikin, AN and Zhabotinsky, AM},
  journal={Nature},
  volume={225},
  number={5232},
  pages={535},
  year={1970},
  publisher={Nature Publishing Group}
}

@article{noyes1972oscillations,
  title={Oscillations in chemical systems. {I}. Detailed mechanism in a system showing temporal oscillations},
  author={Noyes, Richard M and Field, Richard and Kőrös, Endre},
  journal={Journal of the American Chemical Society},
  volume={94},
  number={4},
  pages={1394--1395},
  year={1972},
  publisher={ACS Publications}
}

@article{field1972oscillations,
  title={Oscillations in chemical systems. {II}. Thorough analysis of temporal oscillation in the bromate-cerium-malonic acid system},
  author={Field, Richard J and Kőrös, Endre and Noyes, Richard M},
  journal={Journal of the American Chemical Society},
  volume={94},
  number={25},
  pages={8649--8664},
  year={1972},
  publisher={ACS Publications}
}



@book{harvey1957history,
  title={A history of luminescence from the earliest times until 1900},
  author={Harvey, Edmund Newton},
  volume={44},
  year={1957},
  publisher={American Philosophical Society}
}



@article{yang2013cdk1,
  title={The {C}dk1--{APC/C} cell cycle oscillator circuit functions as a time-delayed, ultrasensitive switch},
  author={Yang, Qiong and Ferrell Jr, James E},
  journal={Nature cell biology},
  volume={15},
  number={5},
  pages={519},
  year={2013},
  publisher={Nature Publishing Group}
}

@article{chang2013mitotic,
  title={Mitotic trigger waves and the spatial coordination of the {X}enopus cell cycle},
  author={Chang, Jeremy B and Ferrell Jr, James E},
  journal={Nature},
  volume={500},
  number={7464},
  pages={603},
  year={2013},
  publisher={Nature Publishing Group}
}

@article{turing1952chemical,
  title={The chemical basis of morphogenesis},
  author={Turing, Alan Mathison},
  journal={Philosophical Transactions of the Royal Society of London. Series B, Biological Sciences},
  volume={237},
  number={641},
  pages={37--72},
  year={1952},
  publisher={The Royal Society}
}

@article{orban2015ph,
  title={p{H}-regulated chemical oscillators},
  author={Orb{\'a}n, Miklós and Kurin-Csörgei, Krisztina and Epstein, Irving R},
  journal={Accounts of {C}hemical {R}esearch},
  volume={48},
  number={3},
  pages={593--601},
  year={2015},
  publisher={ACS Publications}
}

@article{molnar2015pattern,
  title={Pattern formation in the bromate--sulfite--ferrocyanide reaction},
  author={Moln{\'a}r, Istvá{\'a}n and Szalai, Istv{\'a}n},
  journal={The Journal of Physical Chemistry A},
  volume={119},
  number={39},
  pages={9954--9961},
  year={2015},
  publisher={ACS Publications}
}

@article{noszticzius1987sustained,
  title={Sustained chemical waves in an annular gel reactor: a chemical pinwheel},
  author={Noszticzius, Zoltan and Horsthemke, Werner and McCormick, WD and Swinney, Harry L and Tam, WY},
  journal={Nature},
  volume={329},
  number={6140},
  pages={619--620},
  year={1987},
  publisher={Springer}
}

@article{bansagi2011tomography,
  title={Tomography of reaction-diffusion microemulsions reveals three-dimensional {T}uring patterns},
  author={B{\'a}ns{\'a}gi, Tam{\'a}s and Vanag, Vladimir K and Epstein, Irving R},
  journal={Science},
  volume={331},
  number={6022},
  pages={1309--1312},
  year={2011},
  publisher={American Association for the Advancement of Science}
}

@URL {blender,
    author = "Blender Foundation, https://www.blender.org",
    year   = "2018"
}


@article{kondo2010reaction,
  title={Reaction-diffusion model as a framework for understanding biological pattern formation},
  author={Kondo, Shigeru and Miura, Takashi},
  journal={Science},
  volume={329},
  number={5999},
  pages={1616--1620},
  year={2010},
  publisher={American Association for the Advancement of Science}
}


@article{lotka1910contribution,
  title={Contribution to the theory of periodic reactions},
  author={Lotka, Alfred J},
  journal={The Journal of Physical Chemistry},
  volume={14},
  number={3},
  pages={271--274},
  year={1910},
  publisher={ACS Publications}
}

@article{winfree1984prehistory,
  title={The prehistory of the Belousov-Zhabotinsky oscillator},
  author={Winfree, Arthur T},
  journal={Journal of Chemical Education},
  volume={61},
  number={8},
  pages={661},
  year={1984},
  publisher={ACS Publications}
}

@book{winfree2001geometry,
  title={The geometry of biological time},
  author={Winfree, Arthur T},
  volume={12},
  year={2001},
  publisher={Springer Science \& Business Media}
}


